@article{bib:compare-optimal-values,
  author = "Birgin, E. G. and Castillo, R. A. and Mart√≠nez, J. M.",
  title = "Numerical comparison of {A}ugmented {L}agrangian algorithms for nonconvex problems",
  journal = "Computational Optimization and Applications",
  year = "2004",
  volume = "31",
  pages = "31--56"
}

